<?xml version="1.0" encoding="UTF-8"?>
  <record xmlns="http://www.loc.gov/MARC21/slim" type="Authority">
    <leader>00000nz  a2200000oc 4500</leader>
    <controlfield tag="001">1153444925</controlfield>
    <controlfield tag="003">DE-101</controlfield>
    <controlfield tag="005">20220118120156.0</controlfield>
    <controlfield tag="008">180227n||aznnnaabn           | aaa    |c</controlfield>
    <datafield tag="024" ind1="7" ind2=" ">
      <subfield code="a">1153444925</subfield>
      <subfield code="0">http://d-nb.info/gnd/1153444925</subfield>
      <subfield code="2">gnd</subfield>
    </datafield>
    <datafield tag="035" ind1=" " ind2=" ">
      <subfield code="a">(DE-101)1153444925</subfield>
    </datafield>
    <datafield tag="035" ind1=" " ind2=" ">
      <subfield code="a">(DE-588)1153444925</subfield>
    </datafield>
    <datafield tag="040" ind1=" " ind2=" ">
      <subfield code="a">DE-547</subfield>
      <subfield code="c">DE-547</subfield>
      <subfield code="9">r:DE-601</subfield>
      <subfield code="b">ger</subfield>
      <subfield code="d">2214</subfield>
    </datafield>
    <datafield tag="042" ind1=" " ind2=" ">
      <subfield code="a">gnd3</subfield>
    </datafield>
    <datafield tag="043" ind1=" " ind2=" ">
      <subfield code="c">XA-DE</subfield>
    </datafield>
    <datafield tag="075" ind1=" " ind2=" ">
      <subfield code="b">p</subfield>
      <subfield code="2">gndgen</subfield>
    </datafield>
    <datafield tag="075" ind1=" " ind2=" ">
      <subfield code="b">piz</subfield>
      <subfield code="2">gndspec</subfield>
    </datafield>
    <datafield tag="079" ind1=" " ind2=" ">
      <subfield code="a">g</subfield>
      <subfield code="q">a</subfield>
      <subfield code="q">f</subfield>
    </datafield>
    <datafield tag="100" ind1="1" ind2=" ">
      <subfield code="a">Boyneburg, Hans Berthold &#152;von&#156;</subfield>
      <subfield code="d">1590-1641</subfield>
    </datafield>
    <datafield tag="400" ind1="1" ind2=" ">
      <subfield code="a">Boyneburg, Hans Barthold &#152;von&#156;</subfield>
      <subfield code="d">1590-1641</subfield>
    </datafield>
    <datafield tag="400" ind1="1" ind2=" ">
      <subfield code="a">Boyneburg, Johann Berthold &#152;von&#156;</subfield>
      <subfield code="d">1590-1641</subfield>
    </datafield>
    <datafield tag="400" ind1="1" ind2=" ">
      <subfield code="a">Boyneburg, Johann Barthold &#152;von&#156;</subfield>
      <subfield code="d">1590-1641</subfield>
    </datafield>
    <datafield tag="400" ind1="1" ind2=" ">
      <subfield code="a">Boyneburg zu Lengsfeld, Hans Berthold &#152;von&#156;</subfield>
      <subfield code="d">1590-1641</subfield>
    </datafield>
    <datafield tag="400" ind1="1" ind2=" ">
      <subfield code="a">Boyneburg zu Lengsfeld, Hans Barthold &#152;von&#156;</subfield>
      <subfield code="d">1590-1641</subfield>
    </datafield>
    <datafield tag="400" ind1="1" ind2=" ">
      <subfield code="a">Boyneburg zu Lengsfeld, Johann Berthold &#152;von&#156;</subfield>
      <subfield code="d">1590-1641</subfield>
    </datafield>
    <datafield tag="400" ind1="1" ind2=" ">
      <subfield code="a">Boyneburg zu Lengsfeld, Johann Barthold &#152;von&#156;</subfield>
      <subfield code="d">1590-1641</subfield>
    </datafield>
    <datafield tag="400" ind1="1" ind2=" ">
      <subfield code="a">Boineburg, Hans Berthold &#152;von&#156;</subfield>
      <subfield code="d">1590-1641</subfield>
    </datafield>
    <datafield tag="400" ind1="1" ind2=" ">
      <subfield code="a">Boineburg, Hans Barthold &#152;von&#156;</subfield>
      <subfield code="d">1590-1641</subfield>
    </datafield>
    <datafield tag="400" ind1="1" ind2=" ">
      <subfield code="a">Boineburg, Johann Berthold &#152;von&#156;</subfield>
      <subfield code="d">1590-1641</subfield>
    </datafield>
    <datafield tag="400" ind1="1" ind2=" ">
      <subfield code="a">Boineburg, Johann Barthold &#152;von&#156;</subfield>
      <subfield code="d">1590-1641</subfield>
    </datafield>
    <datafield tag="400" ind1="1" ind2=" ">
      <subfield code="a">Boineburg zu Lengsfeld, Hans Berthold &#152;von&#156;</subfield>
      <subfield code="d">1590-1641</subfield>
    </datafield>
    <datafield tag="400" ind1="1" ind2=" ">
      <subfield code="a">Boineburg zu Lengsfeld, Hans Barthold &#152;von&#156;</subfield>
      <subfield code="d">1590-1641</subfield>
    </datafield>
    <datafield tag="400" ind1="1" ind2=" ">
      <subfield code="a">Boineburg zu Lengsfeld, Johann Berthold &#152;von&#156;</subfield>
      <subfield code="d">1590-1641</subfield>
    </datafield>
    <datafield tag="400" ind1="1" ind2=" ">
      <subfield code="a">Boineburg zu Lengsfeld, Johann Barthold &#152;von&#156;</subfield>
      <subfield code="d">1590-1641</subfield>
    </datafield>
    <datafield tag="400" ind1="1" ind2=" ">
      <subfield code="a">Boyneburg, Hans Bertold &#152;von&#156;</subfield>
      <subfield code="d">1590-1641</subfield>
    </datafield>
    <datafield tag="400" ind1="1" ind2=" ">
      <subfield code="a">Boyneburgk, Hanß Berthold &#152;von&#156;</subfield>
      <subfield code="d">1590-1641</subfield>
    </datafield>
    <datafield tag="400" ind1="1" ind2=" ">
      <subfield code="a">Boyneburgk, Hans Bertold &#152;von&#156;</subfield>
      <subfield code="d">1590-1641</subfield>
    </datafield>
    <datafield tag="400" ind1="1" ind2=" ">
      <subfield code="a">Boyneburg-Lengsfeld, Hans Bertold &#152;von&#156;</subfield>
      <subfield code="d">1590-1641</subfield>
    </datafield>
    <datafield tag="400" ind1="1" ind2=" ">
      <subfield code="a">Boineburg, Hans Bertolt &#152;von&#156;</subfield>
      <subfield code="d">1590-1641</subfield>
    </datafield>
    <datafield tag="400" ind1="1" ind2=" ">
      <subfield code="a">Boineburg, Hans Berthold &#152;von&#156;</subfield>
      <subfield code="d">1590-1641</subfield>
    </datafield>
    <datafield tag="400" ind1="1" ind2=" ">
      <subfield code="a">Boineburg-Lengsfeld, Hans Berthold &#152;von&#156;</subfield>
      <subfield code="d">1590-1641</subfield>
    </datafield>
    <datafield tag="400" ind1="1" ind2=" ">
      <subfield code="a">Boyneburg-Lengsfeld, Hans Berthold &#152;von&#156;</subfield>
      <subfield code="d">1590-1641</subfield>
    </datafield>
    <datafield tag="400" ind1="1" ind2=" ">
      <subfield code="a">Boyneburg, Berthold &#152;von&#156;</subfield>
      <subfield code="d">1590-1641</subfield>
    </datafield>
    <datafield tag="400" ind1="1" ind2=" ">
      <subfield code="a">Boyneburg, Barthold &#152;von&#156;</subfield>
      <subfield code="d">1590-1641</subfield>
    </datafield>
    <datafield tag="400" ind1="1" ind2=" ">
      <subfield code="a">Boineburg, Berthold &#152;von&#156;</subfield>
      <subfield code="d">1590-1641</subfield>
    </datafield>
    <datafield tag="400" ind1="1" ind2=" ">
      <subfield code="a">Boineburg, Barthold &#152;von&#156;</subfield>
      <subfield code="d">1590-1641</subfield>
    </datafield>
    <datafield tag="400" ind1="1" ind2=" ">
      <subfield code="a">Boyneburg, Johann Berthold</subfield>
      <subfield code="d">1590-1641</subfield>
    </datafield>
    <datafield tag="400" ind1="1" ind2=" ">
      <subfield code="a">Boineburg, Johann Berthold</subfield>
      <subfield code="d">1590-1641</subfield>
    </datafield>
    <datafield tag="400" ind1="1" ind2=" ">
      <subfield code="a">Beyneburgk, Hans Berthold &#152;von&#156;</subfield>
      <subfield code="d">1590-1641</subfield>
    </datafield>
    <datafield tag="500" ind1="3" ind2=" ">
      <subfield code="0">(DE-101)124587801</subfield>
      <subfield code="0">(DE-588)124587801</subfield>
      <subfield code="0">https://d-nb.info/gnd/124587801</subfield>
      <subfield code="a">Boyneburg</subfield>
      <subfield code="c">Familie : 1120-</subfield>
      <subfield code="4">bezf</subfield>
      <subfield code="4">https://d-nb.info/standards/elementset/gnd#familialRelationship</subfield>
      <subfield code="w">r</subfield>
      <subfield code="i">Beziehung familiaer</subfield>
      <subfield code="e">Beziehung familiaer</subfield>
    </datafield>
    <datafield tag="500" ind1="1" ind2=" ">
      <subfield code="0">(DE-101)120272717</subfield>
      <subfield code="0">(DE-588)120272717</subfield>
      <subfield code="0">https://d-nb.info/gnd/120272717</subfield>
      <subfield code="a">Boyneburg, Barbara Sibylla &#152;von&#156;</subfield>
      <subfield code="d">1595-1624</subfield>
      <subfield code="4">bezf</subfield>
      <subfield code="4">https://d-nb.info/standards/elementset/gnd#familialRelationship</subfield>
      <subfield code="w">r</subfield>
      <subfield code="i">Beziehung familiaer</subfield>
      <subfield code="e">Beziehung familiaer</subfield>
      <subfield code="9">v:erste Ehefrau ab 1620</subfield>
    </datafield>
    <datafield tag="500" ind1="1" ind2=" ">
      <subfield code="0">(DE-101)118659669</subfield>
      <subfield code="0">(DE-588)118659669</subfield>
      <subfield code="0">https://d-nb.info/gnd/118659669</subfield>
      <subfield code="a">Boyneburg, Johann Christian &#152;von&#156;</subfield>
      <subfield code="d">1622-1672</subfield>
      <subfield code="4">bezf</subfield>
      <subfield code="4">https://d-nb.info/standards/elementset/gnd#familialRelationship</subfield>
      <subfield code="w">r</subfield>
      <subfield code="i">Beziehung familiaer</subfield>
      <subfield code="e">Beziehung familiaer</subfield>
      <subfield code="9">v:Sohn</subfield>
    </datafield>
    <datafield tag="548" ind1=" " ind2=" ">
      <subfield code="a">1590-1641</subfield>
      <subfield code="4">datl</subfield>
      <subfield code="4">https://d-nb.info/standards/elementset/gnd#dateOfBirthAndDeath</subfield>
      <subfield code="w">r</subfield>
      <subfield code="i">Lebensdaten</subfield>
      <subfield code="9">v:Geburtsjahr ca., anderslautendes Todesjahr: 1640</subfield>
    </datafield>
    <datafield tag="550" ind1=" " ind2=" ">
      <subfield code="0">(DE-101)946113475</subfield>
      <subfield code="0">(DE-588)4392636-8</subfield>
      <subfield code="0">https://d-nb.info/gnd/4392636-8</subfield>
      <subfield code="a">Marschall</subfield>
      <subfield code="g">Hofamt</subfield>
      <subfield code="4">berc</subfield>
      <subfield code="4">https://d-nb.info/standards/elementset/gnd#professionOrOccupation</subfield>
      <subfield code="w">r</subfield>
      <subfield code="i">Charakteristischer Beruf</subfield>
    </datafield>
    <datafield tag="550" ind1=" " ind2=" ">
      <subfield code="0">(DE-101)041563123</subfield>
      <subfield code="0">(DE-588)4156312-8</subfield>
      <subfield code="0">https://d-nb.info/gnd/4156312-8</subfield>
      <subfield code="a">Geheimer Rat</subfield>
      <subfield code="4">beru</subfield>
      <subfield code="4">https://d-nb.info/standards/elementset/gnd#professionOrOccupation</subfield>
      <subfield code="w">r</subfield>
      <subfield code="i">Beruf</subfield>
    </datafield>
    <datafield tag="551" ind1=" " ind2=" ">
      <subfield code="0">(DE-101)040103250</subfield>
      <subfield code="0">(DE-588)4010325-0</subfield>
      <subfield code="0">https://d-nb.info/gnd/4010325-0</subfield>
      <subfield code="a">Coburg</subfield>
      <subfield code="4">ortg</subfield>
      <subfield code="4">https://d-nb.info/standards/elementset/gnd#placeOfBirth</subfield>
      <subfield code="w">r</subfield>
      <subfield code="i">Geburtsort</subfield>
    </datafield>
    <datafield tag="551" ind1=" " ind2=" ">
      <subfield code="0">(DE-101)04014013X</subfield>
      <subfield code="0">(DE-588)4014013-1</subfield>
      <subfield code="0">https://d-nb.info/gnd/4014013-1</subfield>
      <subfield code="a">Eisenach</subfield>
      <subfield code="4">ortw</subfield>
      <subfield code="4">https://d-nb.info/standards/elementset/gnd#placeOfActivity</subfield>
      <subfield code="w">r</subfield>
      <subfield code="i">Wirkungsort</subfield>
    </datafield>
    <datafield tag="667" ind1=" " ind2=" ">
      <subfield code="a">VD-17</subfield>
    </datafield>
    <datafield tag="670" ind1=" " ind2=" ">
      <subfield code="a">NDB</subfield>
    </datafield>
    <datafield tag="670" ind1=" " ind2=" ">
      <subfield code="a">Kaiserhof</subfield>
      <subfield code="b">Stand: 18.01.2022</subfield>
      <subfield code="u">https://kaiserhof.geschichte.lmu.de/14146</subfield>
    </datafield>
    <datafield tag="678" ind1=" " ind2=" ">
      <subfield code="b">Fürstl.-sächs. Geheimer Rat und Oberhofmarschall in Eisenach; Herr auf Dippach; verheiratet 1. mit Barbara Sibylla von Buttlar und 2. mit Anna Catharina von Boyneburg (1596-1650), Tochter des Ludwig von Boyneburg (1559-1627)</subfield>
    </datafield>
  </record>
